@online{ref:1,
  author = {Vũ Hữu Tiệp},
  title = {Bài 7: Gradient Descent (phần 1/2)},
  year = 2017,
  url = {https://machinelearningcoban.com/2017/01/12/gradientdescent/#gradient-descent},
  urldate = {2020-05-07}
}

@online{ref:2,
  author = {Vũ Hữu Tiệp},
  title = {Bài 14: Multi-layer Perceptron và Backpropagation},
  year = 2017,
  url = {https://machinelearningcoban.com/2017/01/12/gradientdescent/#gradient-descent},
  urldate = {2020-05-07}
}

@online{ref:3,
  author = {Standford University},
  title = {Convolutional Neural Networks (CNNs / ConvNets)},
  year = 2020,
  url = {https://cs231n.github.io/convolutional-networks/},
  urldate = {2020-05-07}
}

@online{ref:4,
  author = {Nguyễn Thanh Tuấn},
  title = {Bài 6: Convolutional neural network},
  year = 2019,
  url = {https://nttuan8.com/bai-6-convolutional-neural-network/},
  urldate = {2020-05-07}
}

@article{ref:5,
author = {{Joseph Redmon, Santosh Divvala, Ross Girshick, Ali Farhadi}},
journal = {CVPR 2016},
title = {{You Only Look Once: Unified, Real-Time Object Detection}},
year = {2016}
}

@article{ref:6,
author = {{Joseph Redmon, Ali Farhadi}},
journal = {Tech report},
title = {{YOLOv3: An Incremental Improvement}},
year = {2018}
}

@online{ref:7,
  author = {John Syin},
  title = {Hardhat and Safety Vest Image for Object Detection},
  year = 2020,
  url = {https://www.kaggle.com/johnsyin97/hardhat-and-safety-vest-image-for-object-detection},
  urldate = {2020-05-07}
}

@article{ref:8,
  author = {{Jixiu Wu, Nian Cai, Wenjie Chen, Huiheng Wang, Guotian Wang}},
  journal = {Automation in Construction},
  title = {Automatic detection of hardhats worn by construction personnel: A deep learning approach and benchmark dataset},
  year = {2019},
  url = {https://www.kaggle.com/johnsyin97/hardhat-and-safety-vest-image-for-object-detection},
  urldate = {2020-05-07}
}

@online{ref:9,
  author = {Tzutalin},
  title = {LabelImg},
  year = 2018,
  url = {https://github.com/tzutalin/labelImg},
  urldate = {2020-05-07}
}

@online{ref:10,
  author = {AlexeyAB},
  title = {Darknet},
  year = 2020,
  url = {https://github.com/AlexeyAB/darknet},
  urldate = {2020-05-07}
}